<?xml version="1.0" encoding="UTF-8"?><collection xmlns="http://www.loc.gov/MARC21/slim"><record><leader>00543nam--2200193-i-4500</leader><controlfield tag="001">000020209</controlfield><controlfield tag="002">20161230</controlfield><controlfield tag="005">20161230201033</controlfield><controlfield tag="008">060222s1000------------r-----000-0-eng-d</controlfield><datafield ind1=" " ind2=" " tag="040"><subfield code="a">IFIN-HH</subfield></datafield><datafield ind1=" " ind2=" " tag="080"><subfield code="a">537.311.37</subfield></datafield><datafield ind1="1" ind2=" " tag="100"><subfield code="a">Emeleus, K. G</subfield></datafield><datafield ind1="1" ind2="0" tag="245"><subfield code="a">The conduction of electricity through gases</subfield><subfield code="c">K.g. emeleus</subfield></datafield><datafield ind1=" " ind2=" " tag="250"><subfield code="a">Third Edition, Revised</subfield></datafield><datafield ind1=" " ind2=" " tag="260"><subfield code="a">London</subfield><subfield code="b">Methuen And Co.Ltd</subfield><subfield code="c">1951</subfield></datafield><datafield ind1=" " ind2=" " tag="300"><subfield code="a">X + 99 P</subfield></datafield><datafield ind1=" " ind2=" " tag="490"><subfield code="a">Methuen'S Monographs On Physicsl Subjects</subfield></datafield><datafield ind1=" " ind2=" " tag="852"><subfield code="a">76264</subfield><subfield code="c">537.52</subfield></datafield><datafield ind1=" " ind2=" " tag="CAT"><subfield code="a">Sys</subfield><subfield code="c">20110804</subfield><subfield code="h">155246</subfield></datafield></record></collection>